@Article{tidyverse,
    title = {Welcome to the {tidyverse}},
    author = {Hadley Wickham and Mara Averick and Jennifer Bryan and Winston Chang and Lucy D'Agostino McGowan and Romain François and Garrett Grolemund and Alex Hayes and Lionel Henry and Jim Hester and Max Kuhn and Thomas Lin Pedersen and Evan Miller and Stephan Milton Bache and Kirill Müller and Jeroen Ooms and David Robinson and Dana Paige Seidel and Vitalie Spinu and Kohske Takahashi and Davis Vaughan and Claus Wilke and Kara Woo and Hiroaki Yutani},
    year = {2019},
    journal = {Journal of Open Source Software},
    volume = {4},
    number = {43},
    pages = {1686},
    doi = {10.21105/joss.01686},
  }


@article{Arceri21,
  author    = {Vincenzo Arceri and
               Isabella Mastroeni},
  title     = {Analyzing Dynamic Code: {A} Sound Abstract Interpreter for
                  \emph{Evil} Eval},
  journal   = {{ACM} Trans. Priv. Secur.},
  volume    = {24},
  number    = {2},
  year      = {2021},
  doi       = {10.1145/3426470}}

@inproceedings{cl,
  author = {Liang, Sheng and Bracha, Gilad},
  title = {Dynamic Class Loading in the Java Virtual Machine},
  year = {1998},
  doi = {10.1145/286936.286945},
  booktitle = {Conference on Object-Oriented Programming, Systems, Languages, and Applications (OOPSLA)}}

@article{julia,
  author = {Bezanson, Jeff and Karpinski, Stefan and Shah, Viral and
      Edelman, Alan},
  journal = {CoRR},
  title = {Julia: A Fast Dynamic Language for Technical Computing},
  volume = {abs/1209.5145},
  year = 2012
}



@book{hadley,
  author={Hadley Wickham},
  title ={{Advanced R}},
  publisher={Chapman \& Hall},
  year=2014,
  doi={10.1201/b17487}}

@inproceedings{moller03,
   author={Christensen, Aske Simon and  M{\o}ller, Anders
            and Schwartzbach, Michael},
   title={Precise Analysis of String Expressions},
   booktitle={Static Analysis Symposium (SAS)},
   year=2003,
   doi="10.1007/3-540-44898-5\_1"}

@inproceedings{moller12,
   author = {Jensen, Simon Holm and Jonsson, Peter A. and M\o{}ller,
                  Anders},
   title = {{Remedying the Eval That Men Do}},
   year = {2012},
   doi = {10.1145/2338965.2336758},
   booktitle = {International Symposium on Software Testing and
                  Analysis (ISSTA)}}

@inproceedings{bodden,
  author = {Bodden, Eric and Sewe, Andreas and Sinschek, Jan and Oueslati, Hela and Mezini, Mira},
  title = {Taming Reflection: Aiding Static Analysis in the Presence of Reflection and Custom Class Loaders},
  year = {2011},
  doi = {10.1145/1985793.1985827},
   booktitle = {International Conference on Software Engineering (ICSE)}}

@Article{R96,
  author       = {Ross Ihaka and Robert Gentleman},
  title	       = {R: {A} {L}anguage for {D}ata {A}nalysis and {G}raphics},
  journal      = {Journal of Computational and Graphical Statistics},
  year	       = 1996,
  volume       = 5,
  number       = 3,
  pages	       = {299--314},
  url	       = {http://www.amstat.org/publications/jcgs/},
}

 @Book{S88,
  author       = {Richard A. Becker and John M. Chambers and Allan
                  R. Wilks},
  title	       = {The New {S} Language},
  publisher    = {Chapman \& Hall},
  year	       = 1988,
  address      = {London},
  abstract     = {This book is often called the ``\emph{Blue Book}'',
                  and introduced what is now known as S version 3, or S3.},
}

@article{chen,
  author    = {Zhifei Chen and Wanwangying Ma and Wei Lin and Lin Chen and
                  Yanhui Li and Baowen Xu},
  title     = {{A study on the changes of dynamic feature code when fixing
                  bugs: towards the benefits and costs of Python dynamic
                  features}},
  journal   = {Sci. China Inf. Sci.},
  volume    = {61},
  number    = {1},
  year      = {2018},
  doi       = {10.1007/s11432-017-9153-3}}

@inproceedings{cc77,
  author    = {Patrick Cousot and Radhia Cousot},
  title     = {Abstract {I}nterpretation: {A} {U}nified {L}attice {M}odel for {S}tatic
                  {A}nalysis of {P}rograms by {C}onstruction or {A}pproximation of
                  {F}ixpoints},
  booktitle = {Principles of Programming Languages (POPL)},
  year      = {1977},
  doi       = {10.1145/512950.512973}}

@article{soundy,
author = {Livshits, Benjamin and Sridharan, Manu and Smaragdakis, Yannis and
                  Lhot\'{a}k, Ond\v{r}ej and Amaral, J. Nelson and Chang,
                  Bor-Yuh Evan and Guyer, Samuel Z. and Khedker, Uday P. and
                  M\o{}ller, Anders and Vardoulakis, Dimitrios},
title = {In {D}efense of {S}oundiness: {A} {M}anifesto},
year = {2015},
doi = {10.1145/2644805},
journal = {Commun. ACM},
month = jan,
volume = {58},
number = {2}}

@inproceedings{lisp,
 author = {McCarthy, John},
 title = {History of {LISP}},
 booktitle = "History of programming languages (HOPL)",
 year = {1978},
 doi = {10.1145/960118.808387}}

@Manual{r,
 title = {R: {A} {L}anguage and {E}nvironment for {S}tatistical {C}omputing},
 author = {{R Core Team}},
 organization = {R Foundation for Statistical Computing},
 year = {2017},
 url = {https://www.R-project.org/}}

@inproceedings{Ligges2017,
  author = {Ligges, Uwe},
  booktitle = {Keynote at UseR!},
  title = {{20 Years of CRAN} (Video on Channel9)},
  url = {https://channel9.msdn.com/Events/useR-international-R-User-conferences/useR-International-R-User-2017-Conference/KEYNOTE-20-years-of-CRAN},
  year = {2017}}

@inproceedings{RDT,
  title        = {RDT: A Dynamic Tracing Framework for R},
  author       = {Aviral Goel, Filip Krikava and Jan Vitek},
  booktitle    = {RIOT workshop at Use R! 2019},
  year         = 2019,
  publisher    = {Zenodo},
  doi          = {10.5281/zenodo.3625397}}

@book{GNUparallel,
      author       = {Tange, Ole},
      title        = {GNU {P}arallel},
      publisher    = {Ole Tange},
      year         = 2018,
      doi          = {10.5281/zenodo.1146014}}


@inproceedings{wang,
author = {Wang, Beibei and Chen, Lin and Ma, Wanwangying and Chen, Zhifei
                  and Xu, Baowen},
year = {2015},
booktitle = "International Conference on Software Engineering and Knowledge
                  Engineering",
title = {An empirical study on the impact of {P}ython dynamic features on change-proneness},
doi = {10.18293/SEKE2015-097}}

@phdthesis{liang,
  author    = {Liang Gong},
  title     = {Dynamic Analysis for JavaScript Code},
  school    = {University of California, Berkeley},
  year      = {2018},
  url       = {http://www.escholarship.org/uc/item/7n30n4kd}}


@article{oscar,
  author    = {Oscar Calla{\'{u}} and Romain Robbes and {\'{E}}ric Tanter
                  and David R{\"{o}}thlisberger},
  title     = {{How (and why) developers use the dynamic features of
                  programming languages: the case of Smalltalk}},
  journal   = {Empir. Softw. Eng.},
  volume    = {18},
  number    = {6},
  year      = {2013},
  doi       = {10.1007/s10664-012-9203-2}}

@Article{tidyverse,
    title = {Welcome to the {tidyverse}},
    author = {Hadley Wickham and Mara Averick and Jennifer Bryan and Winston Chang and Lucy D'Agostino McGowan and Romain François and Garrett Grolemund and Alex Hayes and Lionel Henry and Jim Hester and Max Kuhn and Thomas Lin Pedersen and Evan Miller and Stephan Milton Bache and Kirill Müller and Jeroen Ooms and David Robinson and Dana Paige Seidel and Vitalie Spinu and Kohske Takahashi and Davis Vaughan and Claus Wilke and Kara Woo and Hiroaki Yutani},
    year = {2019},
    journal = {Journal of Open Source Software},
    volume = {4},
    number = {43},
    pages = {1686},
    doi = {10.21105/joss.01686},
}
