@inproceedings{lisp,
  author =        {McCarthy, John},
  booktitle =     {History of programming languages (HOPL)},
  title =         {History of {LISP}},
  year =          {1978},
  doi =           {10.1145/960118.808387}}

@inproceedings{moller03,
  author =        {Christensen, Aske Simon and M{\o}ller, Anders and
                   Schwartzbach, Michael},
  booktitle =     {Static Analysis Symposium (SAS)},
  title =         {Precise Analysis of String Expressions},
  year =          {2003},
  doi =           {10.1007/3-540-44898-5\_1}}

@article{soundy,
  author =        {Livshits, Benjamin and others},
  journal =       {Commun. ACM},
  number =        {2},
  title =         {In {D}efense of {S}oundiness: {A} {M}anifesto},
  volume =        {58},
  year =          {2015},
  doi =           {10.1145/2644805}}

@inproceedings{pldi10a,
  author =        {Gregor Richards and Sylvain Lesbrene and Brian Burg and
                   Jan Vitek},
  booktitle =     {Programming Language Design
                   and Implementation Conference (PLDI)},
  title =         {An Analysis of the Dynamic Behavior of {JavaScript}
                   Programs},
  year =          {2010},
  doi =           {10.1145/1809028.1806598},
}

@inproceedings{ecoop11,
  author =        {Gregor Richards and Christian Hammer and Brian Burg and
                   Jan Vitek},
  booktitle =     {European Conference on Object-Oriented Programming
                   (ECOOP)},
  title =         {The Eval that Men Do: A Large-scale Study of the Use
                   of Eval in {JavaScript} Applications},
  year =          {2011},
  doi =           {10.1007/978-3-642-22655-7_4},
}

@inproceedings{oopsla12b,
  author =        {Fadi Meawad and Gregor Richards and
                   Flor{\'{e}}al Morandat and Jan Vitek},
  booktitle =     {Conference on Object-Oriented Programming Systems,
                   Languages and Applications (OOPSLA)},
  title =         {Eval begone!: semi-automated removal of eval from
                   JavaScript programs},
  year =          {2012},
  doi =           {10.1145/2384616.2384660},
}

@manual{r,
  author =        {{R Core Team}},
  organization =  {R Foundation for Statistical Computing},
  title =         {R: {A} {L}anguage and {E}nvironment for {S}tatistical
                   {C}omputing},
  year =          {2017},
  url =           {https://www.R-project.org/},
}

@article{R96,
  author =        {Ross Ihaka and Robert Gentleman},
  journal =       {Journal of Computational and Graphical Statistics},
  number =        {3},
  pages =         {299--314},
  title =         {R: {A} {L}anguage for {D}ata {A}nalysis and
                   {G}raphics},
  volume =        {5},
  year =          {1996},
  url =           {http://www.amstat.org/publications/jcgs/},
}

@inproceedings{ecoop12,
  author =        {Morandat, Flor{\'e}al and Hill, Brandon and
                   Osvald, Leo and Vitek, Jan},
  booktitle =     {European Conference on Object-Oriented Programming
                   (ECOOP)},
  title =         {Evaluating the Design of the R Language: Objects and
                   Functions for Data Analysis},
  year =          {2012},
  doi =           {10.1007/978-3-642-31057-7_6},
}

@inproceedings{dls19,
  author =        {Olivier Fl{\"{u}}ckiger and Guido Chari and
                   Jan Jecmen and Ming{-}Ho Yee and Jakob Hain and
                   Jan Vitek},
  booktitle =     {International Symposium on Dynamic Languages (DLS)},
  title =         {R melts brains: an {IR} for first-class environments
                   and lazy effectful arguments},
  year =          {2019},
  doi =           {10.1145/3359619.3359744},
}

@article{julia,
  author =        {Bezanson, Jeff and Karpinski, Stefan and Shah, Viral and
                   Edelman, Alan},
  journal =       {CoRR},
  title =         {Julia: A Fast Dynamic Language for Technical
                   Computing},
  volume =        {abs/1209.5145},
  year =          {2012},
}

@inproceedings{cl,
  author =        {Liang, Sheng and Bracha, Gilad},
  booktitle =     {Conference on Object-Oriented Programming, Systems,
                   Languages, and Applications (OOPSLA)},
  title =         {Dynamic Class Loading in the Java Virtual Machine},
  year =          {1998},
  doi =           {10.1145/286936.286945},
}

@article{oopsla18a,
  author =        {Jeff Bezanson and Jiahao Chen and Ben Chung and
                   Stefan Karpinski and {Viral B.} Shah and Jan Vitek and
                   Lionel Zoubritzky},
  journal =       {Proc. ACM Program. Lang.},
  number =        {{OOPSLA}},
  title =         {Julia: Dynamism and Performance Reconciled by Design},
  volume =        {2},
  year =          {2018},
  doi =           {10.1145/3276490},
}

@article{oopsla20a,
  author =        {Julia Belyakova and Benjamin Chung and Jack Gelinas and
                   Jameson Nash and Ross Tate and Jan Vitek},
  journal =       {Proc. ACM Program. Lang.},
  number =        {{OOPSLA}},
  title =         {World Age in Julia: Optimizing Method Dispatch in the
                   Presence of Eval},
  volume =        {4},
  year =          {2020},
  doi =           {10.1145/3428275},
}

@inproceedings{moller12,
  author =        {Jensen, Simon Holm and Jonsson, Peter A. and
                   M\o{}ller, Anders},
  booktitle =     {International Symposium on Software Testing and
                   Analysis (ISSTA)},
  title =         {{Remedying the Eval That Men Do}},
  year =          {2012},
  doi =           {10.1145/2338965.2336758},
}

@phdthesis{liang,
  author =        {Liang Gong},
  school =        {University of California, Berkeley},
  title =         {Dynamic Analysis for JavaScript Code},
  year =          {2018},
  url =           {http://www.escholarship.org/uc/item/7n30n4kd},
}

@inproceedings{wang,
  author =        {Wang, Beibei and Chen, Lin and Ma, Wanwangying and
                   Chen, Zhifei and Xu, Baowen},
  booktitle =     {International Conference on Software Engineering and
                   Knowledge Engineering},
  title =         {An empirical study on the impact of {P}ython dynamic
                   features on change-proneness},
  year =          {2015},
  doi =           {10.18293/SEKE2015-097},
}

@article{chen,
  author =        {Zhifei Chen and Wanwangying Ma and Wei Lin and
                   Lin Chen and Yanhui Li and Baowen Xu},
  journal =       {Sci. China Inf. Sci.},
  number =        {1},
  title =         {{A study on the changes of dynamic feature code when
                   fixing bugs: towards the benefits and costs of Python
                   dynamic features}},
  volume =        {61},
  year =          {2018},
  doi =           {10.1007/s11432-017-9153-3},
}

@article{oscar,
  author =        {Oscar Calla{\'{u}} and Romain Robbes and
                   {\'{E}}ric Tanter and David R{\"{o}}thlisberger},
  journal =       {Empir. Softw. Eng.},
  number =        {6},
  title =         {{How (and why) developers use the dynamic features of
                   programming languages: the case of Smalltalk}},
  volume =        {18},
  year =          {2013},
  doi =           {10.1007/s10664-012-9203-2},
}

@inproceedings{bodden,
  author =        {Bodden, Eric and Sewe, Andreas and Sinschek, Jan and
                   Oueslati, Hela and Mezini, Mira},
  booktitle =     {International Conference on Software Engineering
                   (ICSE)},
  title =         {Taming Reflection: Aiding Static Analysis in the
                   Presence of Reflection and Custom Class Loaders},
  year =          {2011},
  doi =           {10.1145/1985793.1985827},
}

@article{Arceri21,
  author =        {Vincenzo Arceri and Isabella Mastroeni},
  journal =       {{ACM} Trans. Priv. Secur.},
  number =        {2},
  title =         {Analyzing Dynamic Code: {A} Sound Abstract
                   Interpreter for \emph{Evil} Eval},
  volume =        {24},
  year =          {2021},
  doi =           {10.1145/3426470},
}

@inproceedings{issta18,
  author =        {Filip Krikava and Jan Vitek},
  booktitle =     {International Symposium on Software Testing and
                   Analysis (ISSTA)},
  title =         {Tests from traces: automated unit test extraction for  {R}},
  year =          {2018},
  doi =           {10.1145/3213846.3213863},
}

@manual{rmarkdown,
  author =        {JJ Allaire and others},
  note =          {R package version 2.9},
  title =         {rmarkdown: Dynamic Documents for R},
  year =          {2021},
  url =           {https://github.com/rstudio/rmarkdown},
}

@book{ggplot,
  author =        {Hadley Wickham},
  publisher =     {Springer-Verlag New York},
  title =         {ggplot2: Elegant Graphics for Data Analysis},
  year =          {2016},
  url =           {https://ggplot2.tidyverse.org}}

@book{GNUparallel,
  author =        {Tange, Ole},
  publisher =     {Ole Tange},
  title =         {GNU {P}arallel},
  year =          {2018},
  doi =           {10.5281/zenodo.1146014},
}

@article{oopsla19b,
  author =        {Aviral Goel and Jan Vitek},
  journal =       {Proc. {ACM} Program. Lang.},
  number =        {{OOPSLA}},
  title =         {On the design, implementation, and use of laziness in  {R}},
  volume =        {3},
  year =          {2019},
  doi =           {10.1145/3360579},
}

@article{tidyverse,
  author =        {Hadley Wickham and others},
  journal =       {Journal of Open Source Software},
  number =        {43},
  title =         {Welcome to the {tidyverse}},
  volume =        {4},
  year =          {2019},
  doi =           {10.21105/joss.01686},
}
